<?xml version="1.0" encoding="UTF-8"?><collection xmlns="http://www.loc.gov/MARC21/slim"><record><leader>00418nam--2200133-i-4500</leader><controlfield tag="001">000008699</controlfield><controlfield tag="002">20161230</controlfield><controlfield tag="005">20161230201027</controlfield><controlfield tag="008">060222s1000------------r-----000-0-eng-d</controlfield><datafield ind1=" " ind2=" " tag="245"><subfield code="a">Statistical physics, phase transitoons and sup erfluidity</subfield></datafield><datafield ind1=" " ind2=" " tag="260"><subfield code="a">New York, Gordon And Breach, 1968. Xi + 325 P</subfield></datafield><datafield ind1=" " ind2=" " tag="490"><subfield code="a">Brandeis University Summer Institute In Theore Tical Physics, 1966</subfield></datafield><datafield ind1=" " ind2=" " tag="700"><subfield code="a">Chretien, M</subfield></datafield><datafield ind1=" " ind2=" " tag="852"><subfield code="a">29848</subfield></datafield></record></collection>